@misc{annotatingJSforClosure,
  title={Annotating JavaScript for the Closure Compiler},
  howpublished={\url{https://github.com/google/closure-compiler/wiki/Annotating-JavaScript-for-the-Closure-Compiler}}
}